<record><leader>00000cas a22000007a 4500</leader><controlfield tag="001">24773115</controlfield><controlfield tag="008">911113c19789999aruwr ne      0    0eng d</controlfield><datafield ind1=" " ind2=" " tag="010"><subfield code="a">sn 91050172 </subfield></datafield><datafield ind1=" " ind2=" " tag="040"><subfield code="a">ANU</subfield><subfield code="b">eng</subfield><subfield code="c">ANU</subfield><subfield code="d">OCLCQ</subfield><subfield code="d">CNLLA</subfield><subfield code="d">OCLCF</subfield><subfield code="d">OCLCO</subfield></datafield><datafield ind1="1" ind2=" " tag="029"><subfield code="a">AU@</subfield><subfield code="b">000025859919</subfield></datafield><datafield ind1=" " ind2=" " tag="042"><subfield code="a">msc</subfield></datafield><datafield ind1="0" ind2=" " tag="130"><subfield code="a">Village news (Blytheville, Ark.)</subfield></datafield><datafield ind1="1" ind2="0" tag="245"><subfield code="a">Village news.</subfield></datafield><datafield ind1="3" ind2="0" tag="246"><subfield code="a">Blytheville village news</subfield></datafield><datafield ind1=" " ind2=" " tag="260"><subfield code="a">Blytheville, Ark. :</subfield><subfield code="b">[Tommy Sylvester, Gene Austin]</subfield></datafield><datafield ind1=" " ind2=" " tag="300"><subfield code="a">v.</subfield></datafield><datafield ind1=" " ind2=" " tag="310"><subfield code="a">Weekly,</subfield><subfield code="b">Feb. 12, 1986-</subfield></datafield><datafield ind1=" " ind2=" " tag="321"><subfield code="a">Weekly,</subfield><subfield code="b">Oct. 25, 1978-Oct. 24, 1984</subfield></datafield><datafield ind1=" " ind2=" " tag="321"><subfield code="a">Semiweekly,</subfield><subfield code="b">Oct. 28, 1984-Feb. 8, 1986</subfield></datafield><datafield ind1="0" ind2=" " tag="362"><subfield code="a">Vol. 1, no. 1 (Oct. 25, 1978)-</subfield></datafield><datafield ind1=" " ind2=" " tag="500"><subfield code="a">Published as: Blytheville village news, Oct. 28-31, 1984.</subfield></datafield><datafield ind1=" " ind2="4" tag="651"><subfield code="a">Blytheville (Ark.)</subfield><subfield code="v">Newspapers.</subfield></datafield><datafield ind1=" " ind2="4" tag="651"><subfield code="a">Mississippi County (Ark.)</subfield><subfield code="v">Newspapers.</subfield></datafield><datafield ind1=" " ind2="0" tag="651"><subfield code="a">Blytheville (Ark.)</subfield><subfield code="v">Newspapers.</subfield></datafield><datafield ind1=" " ind2="0" tag="651"><subfield code="a">Mississippi County (Ark.)</subfield><subfield code="v">Newspapers.</subfield></datafield><datafield ind1=" " ind2="7" tag="655"><subfield code="a">Newspapers.</subfield><subfield code="2">fast</subfield><subfield code="0">(OCoLC)fst01423814</subfield></datafield><datafield ind1=" " ind2="7" tag="651"><subfield code="a">Arkansas</subfield><subfield code="z">Blytheville.</subfield><subfield code="2">fast</subfield><subfield code="0">(OCoLC)fst01216900</subfield></datafield><datafield ind1=" " ind2="7" tag="651"><subfield code="a">Arkansas</subfield><subfield code="z">Mississippi County.</subfield><subfield code="2">fast</subfield><subfield code="0">(OCoLC)fst01209947</subfield></datafield><datafield ind1=" " ind2=" " tag="752"><subfield code="a">United States</subfield><subfield code="b">Arkansas</subfield><subfield code="c">Mississippi</subfield><subfield code="d">Blytheville.</subfield></datafield></record>